<record><leader>00000cas a2200000 a 4500</leader><controlfield tag="001">9485473</controlfield><controlfield tag="008">830506d18011832nyudn ne      0   a0eng c</controlfield><datafield ind1=" " ind2=" " tag="010"><subfield code="a">sn 83030385 </subfield></datafield><datafield ind1=" " ind2=" " tag="040"><subfield code="a">NPU</subfield><subfield code="b">eng</subfield><subfield code="c">NPU</subfield><subfield code="d">NPV</subfield><subfield code="d">NPA</subfield><subfield code="d">DLC</subfield><subfield code="d">NPX</subfield><subfield code="d">NPA</subfield><subfield code="d">NJW</subfield><subfield code="d">NYS</subfield><subfield code="d">DLC</subfield><subfield code="d">MFN</subfield><subfield code="d">NYS</subfield><subfield code="d">YOX</subfield><subfield code="d">KNP</subfield><subfield code="d">CRL</subfield><subfield code="d">NYS</subfield><subfield code="d">YOX</subfield><subfield code="d">CNK</subfield><subfield code="d">HUL</subfield><subfield code="d">NVK</subfield><subfield code="d">FUG</subfield><subfield code="d">NVK</subfield><subfield code="d">NVF</subfield><subfield code="d">OCL</subfield><subfield code="d">DLC</subfield><subfield code="d">NYS</subfield><subfield code="d">NVF</subfield><subfield code="d">OCLCG</subfield><subfield code="d">BUF</subfield><subfield code="d">KRTAS</subfield><subfield code="d">CUI</subfield><subfield code="d">DLC</subfield><subfield code="d">CRL</subfield><subfield code="d">OCLCQ</subfield><subfield code="d">OCLCF</subfield><subfield code="d">CRL</subfield><subfield code="d">OCLCO</subfield><subfield code="d">CRL</subfield><subfield code="d">OCLCO</subfield><subfield code="d">NLC</subfield></datafield><datafield ind1=" " ind2=" " tag="016"><subfield code="a">(AMICUS)000015222827</subfield></datafield><datafield ind1="1" ind2=" " tag="029"><subfield code="a">AU@</subfield><subfield code="b">000002853892</subfield></datafield><datafield ind1=" " ind2=" " tag="042"><subfield code="a">pcc</subfield></datafield><datafield ind1=" " ind2=" " tag="043"><subfield code="a">n-us-ny</subfield></datafield><datafield ind1="0" ind2="0" tag="050"><subfield code="a">Newspaper</subfield></datafield><datafield ind1="1" ind2="4" tag="050"><subfield code="a">AP2.A2</subfield><subfield code="b">A63 Box 71-72</subfield></datafield><datafield ind1="0" ind2=" " tag="130"><subfield code="a">New-York evening post (New York, N.Y. : 1801)</subfield></datafield><datafield ind1="1" ind2="0" tag="245"><subfield code="a">New-York evening post.</subfield></datafield><datafield ind1="0" ind2="0" tag="246"><subfield code="a">New York evening post</subfield></datafield><datafield ind1=" " ind2=" " tag="260"><subfield code="a">New York [N.Y.] :</subfield><subfield code="b">Michael Burnham,</subfield><subfield code="c">1801-1832.</subfield></datafield><datafield ind1=" " ind2=" " tag="300"><subfield code="a">v. :</subfield><subfield code="b">ill.</subfield></datafield><datafield ind1=" " ind2=" " tag="310"><subfield code="a">Daily (except Sunday)</subfield></datafield><datafield ind1=" " ind2=" " tag="336"><subfield code="a">text</subfield><subfield code="b">txt</subfield><subfield code="2">rdacontent</subfield></datafield><datafield ind1=" " ind2=" " tag="337"><subfield code="a">unmediated</subfield><subfield code="b">n</subfield><subfield code="2">rdamedia</subfield></datafield><datafield ind1=" " ind2=" " tag="338"><subfield code="a">volume</subfield><subfield code="b">nc</subfield><subfield code="2">rdacarrier</subfield></datafield><datafield ind1="0" ind2=" " tag="362"><subfield code="a">No. 1 (Nov. 16, 1801)-no. 9412 (Oct. 16, 1832).</subfield></datafield><datafield ind1=" " ind2=" " tag="500"><subfield code="a">Editors: William Coleman, 1801-1829 ; William Cullen Bryant, 1829-1832.</subfield></datafield><datafield ind1=" " ind2=" " tag="580"><subfield code="a">Semiweekly eds.: New-York herald (New York, N.Y. : 1802), 1802-1817, and: New-York evening post (New York, N.Y. : Country ed.), 1817-1832.</subfield></datafield><datafield ind1=" " ind2="0" tag="651"><subfield code="a">New York (N.Y.)</subfield><subfield code="v">Newspapers.</subfield></datafield><datafield ind1=" " ind2="0" tag="651"><subfield code="a">New York County (N.Y.)</subfield><subfield code="v">Newspapers.</subfield></datafield><datafield ind1=" " ind2="7" tag="651"><subfield code="a">New York (State)</subfield><subfield code="z">New York.</subfield><subfield code="2">fast</subfield><subfield code="0">(OCoLC)fst01204333</subfield></datafield><datafield ind1=" " ind2="7" tag="651"><subfield code="a">New York (State)</subfield><subfield code="z">New York County.</subfield><subfield code="2">fast</subfield><subfield code="0">(OCoLC)fst01234953</subfield></datafield><datafield ind1=" " ind2="7" tag="655"><subfield code="a">Newspapers.</subfield><subfield code="2">fast</subfield><subfield code="0">(OCoLC)fst01423814</subfield></datafield><datafield ind1="1" ind2=" " tag="700"><subfield code="a">Burnham, Michael,</subfield><subfield code="d">1775-1836,</subfield><subfield code="e">publisher.</subfield></datafield><datafield ind1="1" ind2=" " tag="700"><subfield code="a">Coleman, William,</subfield><subfield code="d">1766-1829,</subfield><subfield code="e">editor.</subfield></datafield><datafield ind1="1" ind2=" " tag="700"><subfield code="a">Bryant, William Cullen,</subfield><subfield code="d">1794-1878,</subfield><subfield code="e">editor.</subfield></datafield><datafield ind1=" " ind2=" " tag="752"><subfield code="a">United States</subfield><subfield code="b">New York</subfield><subfield code="c">New York</subfield><subfield code="d">New York.</subfield></datafield><datafield ind1="1" ind2=" " tag="775"><subfield code="t">New-York herald (New York, N.Y. : 1802)</subfield><subfield code="w">(DLC)sn 83030310</subfield><subfield code="w">(OCoLC)9455220</subfield></datafield><datafield ind1="1" ind2=" " tag="775"><subfield code="t">New-York evening post (New York, N.Y. : Country ed.)</subfield><subfield code="w">(DLC)sn 83030388</subfield><subfield code="w">(OCoLC)9485646</subfield></datafield><datafield ind1="0" ind2="8" tag="776"><subfield code="i">Online version:</subfield><subfield code="t">New-York evening post (New York, N.Y. : 1801)</subfield><subfield code="w">(OCoLC)86112843</subfield></datafield><datafield ind1="0" ind2="0" tag="785"><subfield code="t">Evening post (New York, N.Y. : 1832)</subfield><subfield code="w">(DLC)sn 83030384</subfield><subfield code="w">(OCoLC)2260927</subfield></datafield><datafield ind1=" " ind2=" " tag="938"><subfield code="a">Kirtas Technologies, Inc.</subfield><subfield code="b">KRTS</subfield><subfield code="n">911267</subfield></datafield></record>